% Generated by Paperpile. Check out https://paperpile.com for more information.
% BibTeX export options can be customized via Settings -> BibTeX.

@ARTICLE{Green1995-kh,
  title     = "Reversible jump Markov chain Monte Carlo computation and
               Bayesian model determination",
  author    = "Green, Peter J",
  abstract  = "Abstract. Markov chain Monte Carlo methods for Bayesian
               computation have until recently been restricted to problems
               where the joint distribution of all variable",
  journal   = "Biometrika",
  publisher = "Oxford Academic",
  volume    =  82,
  number    =  4,
  pages     = "711--732",
  month     =  dec,
  year      =  1995,
  keywords  = "flu/papers/rjmcmc/c3;flu/papers/rjmcmc/c4"
}

@BOOK{Liang2010-oz,
  title     = "Advanced Markov Chain Monte Carlo Methods: Learning from Past
               Samples",
  author    = "Liang, Faming and Liu, Chuanhai and Carroll, Raymond",
  publisher = "Wiley",
  month     =  aug,
  year      =  2010,
  keywords  = "flu/papers/rjmcmc/c4"
}
